%definition for 'schutkolk/sluiskolk'
@misc{definitionschutkolk,
  title = {Betekenis schutkolk},
  howpublished = {\url{http://www.betekenis-definitie.nl/schutkolk}},
  note = {Accessed: 2019-18-07}
}